@online{manfred,
  author = {Manfred Paul},
  title = {{CVE-2020-8835:} Linux Kernel Privilege Escalation via Improper eBPF Program Verification},
  year = 2020,
  url = {https://www.zerodayinitiative.com/blog/2020/4/8/cve-2020-8835-linux-kernel-privilege-escalation-via-improper-ebpf-program-verification},
  urldate = {2023-05-25}
}